
@inproceedings{DEL01,
	author={B. Gerofi and R. Riesen and M. Takagi and T. Boku and K. Nakajima and Y. Ishikawa and R. W. Wisniewski},
	title={Performance and Scalability of Lightweight Multi-Kernel based Operating Systems},
	abstract={Los Alamitos, CA, USA},
	booktitle={2018 IEEE International Parallel and Distributed Processing Symposium (IPDPS)},
	year={2018},
	publisher={IEEE Computer Society},
	pages={116-125}
} --------------------------------- 
 
@inproceedings{DEL02,
	author={A. Baumann and P. Barham and PE. Dagand and T. Harris and R. Isaacs and S. Peter and T. Roscoe and A. Sch√ºpbach and A. Singhania},
	title={The multikernel: a new OS architecture for scalable multicore systems},
	booktitle={SOSP '09: Proceedings of the ACM SIGOPS 22nd symposium on Operating systems principles},
	publisher={Association for Computing Machinery},
	year={2009},
	pages={29-44}
} ---------------------------------

@inproceedings{DEL03,
	author={B.s Gerofi and A. Santogidis and D. Martinet and Y. Ishikawa},
	title={PicoDriver: fast-path device drivers for multi-kernel operating systems},
	abstract={New York, NY, USA},
	booktitle={27th International Symposium on High-Performance Parallel and Distributed Computing (HPDC '18)},
	year={2018},
	publisher={Association for Computing Machinery},
	pages={2-13}
} ---------------------------------

@inproceedings{DEL04,
	author={R.Riesen and A. Barney Maccabe and B. Gerofi and DN. Lombard and JJ. Lange and K. Pedretti and K. Ferreira and M. Lang and P. Keppel and RW. Wisniewski and R. Brightwell and T. Inglett and Y. Park and Yutaka Ishikawa},
	title={What is a Lightweight Kernel?},
	abstract={New York, NY, USA},
	booktitle={5th International Workshop on Runtime and Operating Systems for Supercomputers (ROSS '15)},
	year={2015},
	publisher={Association for Computing Machinery},
	pages={1-9}
} ---------------------------------

@inproceedings{DEL05,
	author={B. Gerofi and R. Riesen and M. Takagi and T. Boku and K. Nakajima and Y. Ishikawa and R. W. Wisniewski},
	title={2018 IEEE International Parallel and Distributed Processing Symposium (IPDPS)},
	abstract={Los Alamitos, CA, USA},
	booktitle={2018 IEEE International Parallel and Distributed Processing Symposium (IPDPS)},
	year={2018},
	publisher={IEEE Computer Society},
	pages={116-125}
} ---------------------------------


@inproceedings{DEL06,
	author={B. Gerofi and R. Riesen and M. Takagi and T. Boku and K. Nakajima and Y. Ishikawa and R. W. Wisniewski},
	title={2018 IEEE International Parallel and Distributed Processing Symposium (IPDPS)},
	abstract={Los Alamitos, CA, USA},
	booktitle={2018 IEEE International Parallel and Distributed Processing Symposium (IPDPS)},
	year={2018},
	publisher={IEEE Computer Society},
	pages={116-125}
} ---------------------------------

 
@article{DEL07,
	author={B. Gerofi},
	title={Experiences with a Lightweight Multi-Kernel 
Operating System for Extreme Scale Computing},
	year={2020, available at https://www.ixpug.org/resources/download/experiences-with-a-lightweight-multi-kernel-operating-system-for-extreme-scale-computing},
	pages={29 pages}
} ---------------------------------



